<?xml version="1.0" encoding="UTF-8"?><collection xmlns="http://www.loc.gov/MARC21/slim"><record><leader>00487nam--2200169-i-4500</leader><controlfield tag="001">000011552</controlfield><controlfield tag="002">20161230</controlfield><controlfield tag="005">20161230201029</controlfield><controlfield tag="008">060222s1000------------r-----000-0-eng-d</controlfield><datafield ind1=" " ind2=" " tag="040"><subfield code="a">IFIN-HH</subfield></datafield><datafield ind1="1" ind2=" " tag="100"><subfield code="a">Davidson, Ronald C</subfield></datafield><datafield ind1="1" ind2="0" tag="245"><subfield code="a">Theory of nonneutral plasmas</subfield><subfield code="b">Roland c. davidson</subfield></datafield><datafield ind1=" " ind2=" " tag="260"><subfield code="a">London, W.A.Benjamin, Inc., 1974</subfield></datafield><datafield ind1=" " ind2=" " tag="300"><subfield code="a">XIII+199P</subfield></datafield><datafield ind1=" " ind2=" " tag="490"><subfield code="a">Frontiers In Physics: A Lecture Note And Reprint Series</subfield></datafield><datafield ind1=" " ind2=" " tag="852"><subfield code="a">42680</subfield><subfield code="c">533.9</subfield></datafield><datafield ind1=" " ind2=" " tag="CAT"><subfield code="a">Sys</subfield><subfield code="c">20100927</subfield><subfield code="h">115925</subfield></datafield></record></collection>